@book{fysikk,
    title = {{PHYSICS FOR SCIENTISTS AND ENGINEERS}},
    year = {1996},
    author = {Fishbane, Paul M. and Gasiorowicz, Stephen and Thorton, Sthepen T.},
    edition = {Second},
    publisher = {Prentice-Hall, Inc.}
}
@book{fotog-adv,
    title = {{Structured-light 3D surface imaging a tutorial}},
    year = {2011},
    author = {Geng, Jason},
    edition = {},
    publisher = {Optical Society of America}
}

@article{ASTM:Frozen soil,
    title = {{Description of Frozen Soils-Visual-Manual Procedure.}},
    year = {2007},
    journal = {},
    author = {ASTM,DS4083-89},
    pages = {},
    institution = {ASTM standards}
}